@ARTICLE{ lutz73,
   author = {{Lutz}, T.~E. and {Kelker}, D.~H.},
    title = "{On the Use of Trigonometric Parallaxes for the Calibration of Luminosity Systems: Theory}",
  journal = {\pasp},
     year = 1973,
    month = oct,
   volume = 85,
    pages = {573},
      doi = {10.1086/129506},
   adsurl = {http://cdsads.u-strasbg.fr/abs/1973PASP...85..573L},
  adsnote = {Provided by the SAO/NASA Astrophysics Data System}
}

@ARTICLE{ hog00a,
   author = {{H{\o}g}, E. and {Fabricius}, C. and {Makarov}, V.~V. and {Bastian}, U. and 
	{Schwekendiek}, P. and {Wicenec}, A. and {Urban}, S. and {Corbin}, T. and 
	{Wycoff}, G.},
    title = "{Construction and verification of the Tycho-2 Catalogue}",
  journal = {\aap},
 keywords = {ASTROMETRY, TECHNIQUES: PHOTOMETRIC, CATALOGS, METHODS: DATA ANALYSIS},
     year = 2000,
    month = may,
   volume = 357,
    pages = {367-386},
   adsurl = {http://cdsads.u-strasbg.fr/abs/2000A%26A...357..367H},
  adsnote = {Provided by the SAO/NASA Astrophysics Data System}
}

@ARTICLE{ hog00b,
   author = {{H{\o}g}, E. and {Fabricius}, C. and {Makarov}, V.~V. and {Urban}, S. and 
	{Corbin}, T. and {Wycoff}, G. and {Bastian}, U. and {Schwekendiek}, P. and 
	{Wicenec}, A.},
    title = "{The Tycho-2 catalogue of the 2.5 million brightest stars}",
  journal = {\aap},
 keywords = {ASTROMETRY, STARS: FUNDAMENTAL PARAMETERS, CATALOGS},
     year = 2000,
    month = mar,
   volume = 355,
    pages = {L27-L30},
   adsurl = {http://cdsads.u-strasbg.fr/abs/2000A%26A...355L..27H},
  adsnote = {Provided by the SAO/NASA Astrophysics Data System}
}

@ARTICLE{ fabricius02,
   author = {{Fabricius}, C. and {H{\o}g}, E. and {Makarov}, V.~V. and {Mason}, B.~D. and 
	{Wycoff}, G.~L. and {Urban}, S.~E.},
    title = "{The Tycho double star catalogue}",
  journal = {\aap},
 keywords = {STARS: BINARIES: VISUAL, CATALOGS, ASTROMETRY},
     year = 2002,
    month = mar,
   volume = 384,
    pages = {180-189},
      doi = {10.1051/0004-6361:20011822},
   adsurl = {http://cdsads.u-strasbg.fr/abs/2002A%26A...384..180F},
  adsnote = {Provided by the SAO/NASA Astrophysics Data System}
}

@ARTICLE{ mason00,
   author = {{Mason}, B.~D. and {Wycoff}, G.~L. and {Urban}, S.~E. and {Hartkopf}, W.~I. and 
	{Holdenried}, E.~R. and {Makarov}, V.~V.},
    title = "{Double Stars in the Tycho-2 Catalogue}",
  journal = {\aj},
 keywords = {Stars: Binaries: General},
     year = 2000,
    month = dec,
   volume = 120,
    pages = {3244-3249},
      doi = {10.1086/316870},
   adsurl = {http://cdsads.u-strasbg.fr/abs/2000AJ....120.3244M},
  adsnote = {Provided by the SAO/NASA Astrophysics Data System}
}

